@misc{berke2023open,
  title        = {OpenSouced and managed database of Amazon for public use},
  author       = {Berke, Alex and Smith, John},
  year         = {2023},
  publisher    = {AWS},
  howpublished = {\url{https://registry.opendata.aws/amazon-berkeley-objects/}}
}

@article{angelopoulos2021gentle,
  title   = {A gentle introduction to conformal prediction and distribution-free uncertainty quantification},
  author  = {Angelopoulos, Anastasios N and Bates, Stephen},
  journal = {arXiv preprint arXiv:2107.07511},
  year    = {2021}
}

@article{barber2022conformal,
  title   = {Conformal prediction beyond exchangeability},
  author  = {Barber, Rina Foygel and Candes, Emmanuel J and Ramdas, Aaditya and Tibshirani, Ryan J},
  journal = {arXiv preprint arXiv:2202.13415},
  year    = {2022}
}

@article{chen2012online,
  title   = {Online retail II},
  author  = {Chen, Daqing},
  journal = {UCI Machine Learning Repository},
  year    = {2012}
}

@misc{dunnhumby2014complete,
  title        = {The complete journey},
  author       = {Dunnhumby},
  year         = {2014},
  howpublished = {\url{https://www.dunnhumby.com/source-files/}}
}

@misc{elo2019merchant,
  title        = {Elo merchant category recommendation},
  author       = {Elo},
  year         = {2019},
  howpublished = {\url{https://www.kaggle.com/c/elo-merchant-category-recommendation}}
}

@book{lehmann2005testing,
  title     = {Testing statistical hypotheses},
  author    = {Lehmann, Erich L and Romano, Joseph P},
  year      = {2005},
  publisher = {Springer Science \& Business Media}
}

@article{oliveira2022split,
  title   = {Split-conformal prediction for panel data},
  author  = {Oliveira, Vitor and Caceres, Paulo and Izbicki, Rafael},
  journal = {arXiv preprint arXiv:2205.15286},
  year    = {2022}
}

@inproceedings{papadopoulos2002inductive,
  title        = {Inductive confidence machines for regression},
  author       = {Papadopoulos, Harris and Proedrou, Kostas and Vovk, Vladimir and Gammerman, Alex},
  booktitle    = {Machine Learning: ECML 2002},
  pages        = {345--356},
  year         = {2002},
  organization = {Springer}
}

@article{tibshirani2019conformal,
  title   = {Conformal prediction under covariate shift},
  author  = {Tibshirani, Ryan J and Barber, Rina Foygel and Candes, Emmanuel and Ramdas, Aaditya},
  journal = {arXiv preprint arXiv:1904.06019},
  year    = {2019}
}

@article{uddin2023applications,
  title   = {Applications of conformal prediction in time series},
  author  = {Uddin, Md Nazim and Mashlakov, Alexey and Van Der Meer, Dennis and Jung, Arcady},
  journal = {Wiley Interdisciplinary Reviews: Data Mining and Knowledge Discovery},
  pages   = {e1500},
  year    = {2023}
}

@book{vovk2005algorithmic,
  title     = {Algorithmic learning in a random world},
  author    = {Vovk, Vladimir G and Gammerman, Alex and Shafer, Glenn},
  year      = {2005},
  publisher = {Springer Science \& Business Media}
}

@book{vovk2022algorithmic,
  title     = {Algorithmic learning in a random world},
  author    = {Vovk, Vladimir},
  year      = {2022},
  publisher = {Springer}
}

@article{collins2022abo,
  title   = {ABO: Dataset and Benchmarks for Real-World 3D Object Understanding},
  author  = {Collins, Jasmine and Goel, Shubham and Deng, Kenan and Luthra, Achleshwar and Xu, Leon and Gundogdu, Erhan and Zhang, Xi and Yago Vicente, Tomas F and Dideriksen, Thomas and Arora, Himanshu and Guillaumin, Matthieu and Malik, Jitendra},
  journal = {CVPR},
  year    = {2022}
}

@article{abdar2021review,
  title     = {A review of uncertainty quantification in deep learning: Techniques, applications and challenges},
  author    = {Abdar, Moloud and Pourpanah, Farhad and Hussain, Sadiq and Rezazadegan, Dana and Liu, Liu and Ghavamzadeh, Mohammad and Fieguth, Paul and Cao, Xiaochun and Khosravi, Abbas and Acharya, U Rajendra and others},
  journal   = {Information fusion},
  volume    = {76},
  pages     = {243--297},
  year      = {2021},
  publisher = {Elsevier}
}

@dataset{ berke2023open,
  author    = {Berke, Aidan and Calacci, Dan and Mahari, Rob and Yabe, Takaaki and Larson, Kent and Pentland, Sandy},
  title     = {Open E-Commerce 1.0: Five Years of Crowdsourced U.S. Amazon Purchase Histories with User Demographics},
  year      = {2023},
  doi       = {10.7910/DVN/YGLYDY},
  publisher = {Harvard Dataverse}
}

@article{breiman2001statistical,
  title     = {Statistical modeling: The two cultures (with comments and a rejoinder by the author)},
  author    = {Breiman, Leo},
  journal   = {Statistical science},
  volume    = {16},
  number    = {3},
  pages     = {199--231},
  year      = {2001},
  publisher = {Institute of Mathematical Statistics}
}

@phdthesis{malinin2019uncertainty,
  title  = {Uncertainty estimation in deep learning with application to spoken language assessment},
  author = {Malinin, Andrey},
  year   = {2019},
  school = {University of Cambridge}
}

@article{schulz2018tutorial,
  title     = {A tutorial on gaussian process regression: Modelling, exploring, and exploiting functions},
  author    = {Schulz, Eric and Speekenbrink, Maarten and Krause, Andreas},
  journal   = {Journal of mathematical psychology},
  volume    = {85},
  pages     = {1--16},
  year      = {2018},
  publisher = {Elsevier}
}

@inproceedings{uddin2023applications,
  title        = {Applications of conformal regression on real-world industrial use cases using crepes and MAPIE},
  author       = {Uddin, Nabeel and Lofstrom, T},
  booktitle    = {Proceedings of the Twelfth Symposium on Conformal and Probabilistic Prediction with Applications},
  pages        = {147--165},
  year         = {2023},
  organization = {PMLR}
}

@article{zaffran2022adaptive,
  title={Adaptive conformal inference for sequential prediction},
  author={Zaffran, Margaux and Gibbs, Tony and Candes, Emmanuel and d'Alch{\'e}-Buc, Florence},
  journal={arXiv preprint arXiv:2202.11091},
  year={2022}
}

@inproceedings{stankeviciute2021conformal,
  title={Conformal time-series forecasting},
  author={Stankeviciute, Kamile and Alaa, Ahmed M and Van der Schaar, Mihaela},
  booktitle={Advances in Neural Information Processing Systems},
  volume={34},
  pages={28639--28650},
  year={2021}
}

@article{gibbs2021adaptive,
  title={Adaptive conformal inference for online prediction with time series},
  author={Gibbs, Tony and Candes, Emmanuel},
  journal={arXiv preprint arXiv:2110.01212},
  year={2021}
}

@article{xu2021conformal,
  title={Conformal prediction for sequential data},
  author={Xu, Chen and Xie, Yao},
  journal={arXiv preprint arXiv:2106.03353},
  year={2021}
}

@article{chernozhukov2021distributional,
  title={Distributional conformal prediction},
  author={Chernozhukov, Victor and W{\"u}thrich, Kaspar and Zhu, Yinchu},
  journal={arXiv preprint arXiv:2108.09179},
  year={2021}
}

@article{dunn2022distribution,
  title={Distribution-free uncertainty quantification for panel data},
  author={Dunn, Jonathan and Ramprasad, Ashesh and Timmermann, Allan},
  journal={arXiv preprint arXiv:2208.08337},
  year={2022}
}
